
@article{a1,
  author          = {Ahmed H and Traore I and Saad S.},
  title           = {Detecting opinion spams and fake news using text classification},
  journal         = {Security and Privacy},
  volume          = {},
  number          = {},
  year            = {2017}
}

@article{a2,
  author          = {Kai Shu and Amy Sliva and Suhang Wang and Jiliang Tang and Huan Liu},
  title           = {Fake News Detection on Social Media: A Data Mining Perspective},
  journal         = {},
  volume          = {},
  number          = {},
  year            = {2017}
}

@article{a3,
  author          = {Choudhary A. and Arora A.},
  title           = {Linguistic Feature Based Learning Model for Fake News Detection and Classification},
  journal         = {Expert Systems with Applications},
  volume          = {},
  number          = {},
  year            = {2020}
}

@article{a4,
  author          = {Posetti J. and Matthews A.},
  title           = {A short guide to the history of ’fake news’ and disinformation},
  journal         = {},
  volume          = {},
  number          = {},
  year            = {2018}
}

@article{a5,
  author = {Helm, Matthew and Swiergosz, Andrew and Haeberle, Heather and Karnuta, Jaret and Schaffer, Jonathan and Krebs, Viktor and Spitzer, Andrew and Ramkumar, Prem},
  year = {2020},
  month = {02},
  pages = {},
  title = {Machine Learning and Artificial Intelligence: Definitions, Applications, and Future Directions},
  volume = {13},
  journal = {Current Reviews in Musculoskeletal Medicine},
  doi = {10.1007/s12178-020-09600-8}
}

@article{a6,
  title={Artificial intelligence: definition, trends, techniques, and cases},
  author={Kok, Joost N and Boers, Egbert J and Kosters, Walter A and Van der Putten, Peter and Poel, Mannes},
  journal={Artificial intelligence},
  volume={1},
  pages={270--299},
  year={2009}
}

@book{b1,
  address = {New York},
  author = {Mitchell, Tom M.},
  biburl = {https://www.bibsonomy.org/bibtex/23e79734ee1a6e49aee02ffd108224d1c/flint63},
  file = {eBook:1900-99/Mitchell97.pdf:PDF;McGraw-Hill Product page:http\://www.mhprofessional.com/product.php?isbn=0070428077:URL;Amazon Search inside:http\://www.amazon.de/gp/reader/0070428077/:URL},
  groups = {public},
  interhash = {479a66c32badb3a455fbdcf8e6633a5d},
  intrahash = {3e79734ee1a6e49aee02ffd108224d1c},
  isbn = {978-0-07-042807-2},
  keywords = {01624 105 book shelf ai learn algorithm},
  publisher = {McGraw-Hill},
  timestamp = {2017-07-13T17:10:10.000+0200},
  title = {Machine Learning},
  username = {flint63},
  year = 1997
}

@article{a7,
  author = {Deng, Li and Yu, Dong},
  title = {Deep Learning: Methods and Applications},
  year = {2014},
  publisher = {Now Publishers Inc.},
  address = {Hanover, MA, USA},
  volume = {7},
  number = {3–4},
  issn = {1932-8346},
  url = {https://doi.org/10.1561/2000000039},
  doi = {10.1561/2000000039},
  journal = {Found. Trends Signal Process.},
  month = {jun},
  pages = {197–387},
  numpages = {191},
}

@article{a8,
  author = {Liddy, Elizabeth D.},
  biburl = {https://www.bibsonomy.org/bibtex/24864613c44e0472d987b3933e14ffc54/zromero},
  interhash = {8b79001b86bdbefdfa574ee36af0f588},
  intrahash = {4864613c44e0472d987b3933e14ffc54},
  keywords = {nlp},
  timestamp = {2014-02-15T03:34:58.000+0100},
  title = {Natural language processing.},
  year = 2001
}

@article{nash51,
  author  = "Nash, John",
  title   = "Non-cooperative Games",
  journal = "Annals of Mathematics",
  year    = 1951,
  volume  = "54",
  number  = "2",
  pages   = "286--295"
}

@misc{log_reg,
  author = {Jason Brownlee},
  title = {A Gentle Introduction to Logistic Regression With Maximum Likelihood Estimation},
  howpublished = {\url{https://machinelearningmastery.com/logistic-regression-with-maximum-likelihood-estimation/}},
  note = {Accessed: 2022-08-20}
}

@misc{wiki_reliable_sources,
  author = {},
  title = {Wikipedia:Reliable sources/Perennial sources},
  howpublished = {\url{https://en.wikipedia.org/wiki/Wikipedia:Reliable_sources/Perennial_sources}},
  note = {Accessed: 2022-08-20}
}